@online
{wingate,
author = "Liu, Zhaofeng and Meinel, Stefan and Hart, Alistair and Horgan, Ron R.
and Müller, Eike H. and Wingate, Matthew",
title = "A lattice calculation of
$\symup
{B} \to \symup
{K}^{(*)}$ form factors",
date = "2011-01-14",
eprinttype = "arXiv",
eprint = "1101.2726v1",
eprintclass = "hep-ph",
}

@online
{WasserTab,
author = "GEA Wiegand GmbH",
title = "Wasserdampftafel (1-70 bar/100-300°C)",
url = "http://produkte.gea-wiegand.de/GEA/GEACategory/145/index_de.html",
urldate = {2018-05-04}
}

@online
{Erdmagnetfeld,
author = "Prof. Dr. Friedrich H. Balck",
title = "Erdmagnetfeld",
url = "http://www.biosensor-physik.de/biosensor/erdmagnetfeld.htm",
urldate = {2017-12-11}
}

@online
{eV,
author = "National Institude of Standarts and Technology",
title = "Fundamental Physical Constants",
url = "http://physics.nist.gov/cgi-bin/cuu/Value?tevj",
urldate = {2018-05-04}
}

@online
{R,
author = "National Institude of Standarts and Technology",
title = "Fundamental Physical Constants",
url = "http://physics.nist.gov/cgi-bin/cuu/Value?r",
urldate = {2018-05-04}
}

@online
{n,
author = "National Institude of Standarts and Technology",
title = "Fundamental Physical Constants",
url = "http://physics.nist.gov/cgi-bin/cuu/Value?na|search_for=avogadro",
urldate = {2018-05-04}
}

@book
{c,
author = "Douglas C. Giancoli",
title = "Physik",
publisher = "Pearson Deutschland GmbH",
year = "2010"
}


@book
{TaschenbuchPhysik,
author = "Horst Kuchling",
title = "Taschenbuch der Physik",
publisher = "Carl Hanser",
year = "2011",
isbn =  "978-3-446-42457-9"
}

@book
{EinführungMechanik,
author = "S. H. Crandall and N. C. Dahl and T. J. Lardner",
title = "An Introduction to the Mechanics of Solids",
publisher = "McGraw-Hill",
year = "1959"
}

%TU Dortmund. V353 - Das Relaxationsverhalten eines RC-Kreises (o.J).\\ http://129.217.224.2/HOMEPAGE/PHYSIKER/BACHELOR/AP/SKRIPT/V353.pdf (abgerufen am 20.11.2016)

@online
{V102,
author = "TU Dortmund",
title = "V102 Drehschwingungen",
publisher = "TU Dortmund",
url = "http://129.217.224.2/HOMEPAGE/PHYSIKER/BACHELOR/AP/SKRIPT/V102.pdf",
urldate = {2017-12-11}
}

@online
{V103,
author = "TU Dortmund",
title = "V103 Biegung elastischer Stäbe",
publisher = "TU Dortmund",
url = "http://129.217.224.2/HOMEPAGE/PHYSIKER/BACHELOR/AP/SKRIPT/V103.pdf",
urldate = {2017-12-14}
}

@online
{Elastizitätsmodul,
author = "Peter Brehm",
title = "Der E-Modul",
publisher = " Peter Brehm",
url ="http://www.peter-brehm.de/219.0.html",
urldate = {2017-12-18}
}

@online
{V101,
author = "TU Dortmund",
title = "V101 Das Trägheitsmoment",
publisher = "TU Dortmund",
url = "http://129.217.224.2/HOMEPAGE/PHYSIKER/BACHELOR/AP/SKRIPT/V101.pdf",
urldate = {2018-05-04}
}

@online
{V104,
author = "TU Dortmund",
title = "V104 Der Doppler-Effekt",
publisher = "TU Dortmund",
url = "http://129.217.224.2/HOMEPAGE/PHYSIKER/BACHELOR/AP/SKRIPT/V104.pdf",
urldate = {2017-12-12}
}

@online
{V105,
author = "TU Dortmund",
title = "V105 Das magnetische Moment",
publisher = "TU Dortmund",
url = "http://129.217.224.2/HOMEPAGE/PHYSIKER/BACHELOR/AP/SKRIPT/MagneticTo.pdf",
urldate = {2017-12-12}
}

@online
{V201,
author = "TU Dortmund",
title = "V201 Das Dulong-Petitsche Gesetz ",
publisher = "TU Dortmund",
url = "http://129.217.224.2/HOMEPAGE/PHYSIKER/BACHELOR/AP/SKRIPT/V201.pdf",
urldate = {2017-11-13}
}

@online
{V203,
author = "TU Dortmund",
title = "V203 Verdampfungswärme und Dampfdruck-Kurve ",
publisher = "TU Dortmund",
url = "http://129.217.224.2/HOMEPAGE/PHYSIKER/BACHELOR/AP/SKRIPT/V203.pdf",
urldate = {2018-05-04}
}

@online
{V204,
author = "TU Dortmund",
title = "V204 Wärmeleitung von Metallen",
publisher = "TU Dortmund",
url = "http://129.217.224.2/HOMEPAGE/PHYSIKER/BACHELOR/AP/SKRIPT/Waermeleitf.pdf",
urldate = {2017-11-19}
}

@online
{V206,
author = "TU Dortmund",
title = "V206 Die Wärmepumpe",
publisher = "TU Dortmund",
url = "http://129.217.224.2/HOMEPAGE/PHYSIKER/BACHELOR/AP/SKRIPT/V206.pdf",
urldate = {2018-05-04}
}

@online
{V207,
author = "TU Dortmund",
title = "V207 Das Kugelfall-Viskosimeter nach Höppler",
publisher = "TU Dortmund",
url = "http://129.217.224.2/HOMEPAGE/PHYSIKER/BACHELOR/AP/SKRIPT/Viskositaet.pdf",
urldate = {2018-04-05}
}

@online
{V303,
author = "TU Dortmund",
title = "V303 Der Lock-In-Verstärker",
publisher = "TU Dortmund",
url = "http://129.217.224.2/HOMEPAGE/PHYSIKER/BACHELOR/AP/SKRIPT/LockIn.pdf",
urldate = {2017-12-31}
}

@online
{V353,
author = "TU Dortmund",
title = "V353 Das Relaxationsverhalten eines RC-Kreises",
publisher = "TU Dortmund",
url = "http://129.217.224.2/HOMEPAGE/PHYSIKER/BACHELOR/AP/SKRIPT/V353.pdf",
urldate = {2018-01-12}
}

@online
{V354,
author = "TU Dortmund",
title = "V354 Gedämpfte und erzwungene Schwingungen",
publisher = "TU Dortmund",
url = "http://129.217.224.2/HOMEPAGE/PHYSIKER/BACHELOR/AP/SKRIPT/V354.pdf",
urldate = {2018-01-20}
}

@online
{V356,
author = "TU Dortmund",
title = "V356 Kettenschaltungen mit LC-Gliedern",
publisher = "TU Dortmund",
url = "http://129.217.224.2/HOMEPAGE/PHYSIKER/BACHELOR/AP/SKRIPT/V356.pdf",
urldate = {2017-12-05}
}


@online
{V401,
author = "TU Dortmund",
title = "V401 Das Michelson-Interferometer",
publisher = "TU Dortmund",
url = "http://129.217.224.2/HOMEPAGE/PHYSIKER/BACHELOR/AP/SKRIPT/V401.pdf",
urldate = {2018-05-04}
}

@online
{V406,
author = "TU Dortmund",
title = "V406 Beugung am Spalt",
publisher = "TU Dortmund",
url = "http://129.217.224.2/HOMEPAGE/PHYSIKER/BACHELOR/AP/SKRIPT/V406.pdf",
urldate = {2018-05-04}
}

@online
{V408,
author = "TU Dortmund",
title = "V408 Geometrische Optik",
publisher = "TU Dortmund",
url = "http://129.217.224.2/HOMEPAGE/PHYSIKER/BACHELOR/AP/SKRIPT/V408.pdf",
urldate = {2018-05-04}
}

@online
{V500,
author = "TU Dortmund",
title = "V500 Der Photo-Effekt",
publisher = "TU Dortmund",
url = "http://129.217.224.2/HOMEPAGE/PHYSIKER/BACHELOR/AP/SKRIPT/V500.pdf",
urldate = {2018-04-22}
}

@online
{V504,
author = "TU Dortmund",
title = "V504 Thermische Elektronenemission",
publisher = "TU Dortmund",
url = "http://129.217.224.2/HOMEPAGE/PHYSIKER/BACHELOR/AP/SKRIPT/V504.pdf",
urldate = {2018-04-28}
}

@online
{V601,
author = "TU Dortmund",
title = "V601 Franck-Hertz-Versuch",
publisher = "TU Dortmund",
url = "http://129.217.224.2/HOMEPAGE/PHYSIKER/BACHELOR/AP/SKRIPT/V601.pdf",
urldate = {2018-05-04}
}

@online
{V606,
author = "TU Dortmund",
title = "V606 Messung der Suszeptibilität paramagnetischer Substanzen",
publisher = "TU Dortmund",
url = "http://129.217.224.2/HOMEPAGE/PHYSIKER/BACHELOR/AP/SKRIPT/V606.pdf",
urldate = {2018-05-04}
}

@online
{V702,
author = "TU Dortmund",
title = "V702 Aktivierung mit Neutronen",
publisher = "TU Dortmund",
url = "http://129.217.224.2/HOMEPAGE/PHYSIKER/BACHELOR/AP/SKRIPT/V702.pdf",
urldate = {2018-04-19}
}

@online
{V703,
author = "TU Dortmund",
title = "V703 Das Geiger-Müller-Zählrohr",
publisher = "TU Dortmund",
url = "http://129.217.224.2/HOMEPAGE/PHYSIKER/BACHELOR/AP/SKRIPT/V703.pdf",
urldate = {2018-04-12}
}

@online
{V704,
author = "TU Dortmund",
title = "V704 Absorption von beta- und gamma-Strahlung",
publisher = "TU Dortmund",
url = "http://129.217.224.2/HOMEPAGE/PHYSIKER/BACHELOR/AP/SKRIPT/V704.pdf",
urldate = {2018-05-04}
}

@online
{US1,
author = "TU Dortmund",
title = "US1 Grundlagen der Ultraschalltechnik",
publisher = "TU Dortmund",
url = "http://129.217.224.2/HOMEPAGE/PHYSIKER/BACHELOR/AP/SKRIPT/UltraschallGL.pdf",
urldate = {2018-05-04}
}

@online
{US2,
author = "TU Dortmund",
title = "US2 Scanverfahren in der Ultraschalltechnik",
publisher = "TU Dortmund",
url = "http://129.217.224.2/HOMEPAGE/PHYSIKER/BACHELOR/AP/SKRIPT/UltraschallScan.pdf",
urldate = {2018-05-13}
}

@online
{US3,
author = "TU Dortmund",
title = "US3 Dopplersonographie",
publisher = "TU Dortmund",
url = "http://129.217.224.2/HOMEPAGE/PHYSIKER/BACHELOR/AP/SKRIPT/DopplerSonogr.pdf",
urldate = {2018-05-04}
}


@online
{V501,
author = "TU Dortmund",
title = "V501 Elektronen im elektrischen Feld",
publisher = "TU Dortmund",
url = "http://129.217.224.2/HOMEPAGE/PHYSIKER/BACHELOR/AP/SKRIPT/V501.pdf",
urldate = {2018-06-24}
}
@online
{V502,
author = "TU Dortmund",
title = "V502 Elektronen im magnetischen Feld",
publisher = "TU Dortmund",
url = "http://129.217.224.2/HOMEPAGE/PHYSIKER/BACHELOR/AP/SKRIPT/V502.pdf
",
urldate = {2018-06-24}
}

@book
{g,
author = "Dieter Meschede",
title = "Gerthsen Physik",
edition = "Die Dreiundzwanzigste",
publisher = "Springer",
year ="2006"
}

@online
{Gaskonstante,
author = "Universität Frankfurt",
title = "universelle Gaskonstante",
publisher = "Universität Frankfurt",
url = "https://elearning.physik.uni-frankfurt.de/data/FB13-PhysikOnline/lm_data/lm_282/auto/kap10/cd279.htm",
urldate = {2018-01-12}
}

@online
{Avogadrozahl,
author = "Universität Frankfurt",
title = "Avogadrokonstante",
publisher = "Universität Frankfurt",
url = "https://elearning.physik.uni-frankfurt.de/data/FB13-PhysikOnline/lm_data/lm_282/auto/kap10/cd279.htm",
urldate = {2018-01-12}
}

@online
{LWasser,
author = "Dr.-Ing. Heiner Grimm",
title = "Verdampfungswärme von Wasser",
publisher = "Dr.-Ing. Heiner Grimm",
url = "http://wissenschaft-technik-ethik.de/wasser_eigenschaften.html",
urldate = {2018-01-12}
}

@online
{km,
author = "Anton Schweizer",
title = "Wärmeleitkoeffizienten von Metallen",
publisher = "Anton Schweizer",
url = "http://www.schweizer-fn.de/stoff/wleit_metall/wleit_metall.php",
urldate = {2018-01-23}
}

@online
{cw,
author = "CHEMIE.DE Information Service GmbH",
title = "Spezifische Wärmekapazität",
publisher = "CHEMIE.DE Information Service GmbH",
url = "http://www.chemie.de/lexikon/Spezifische_W%C3%A4rmekapazit%C3%A4t.html",
urldate = {2018-01-27}
}
´
@online
{eta,
author = "CHEMIE.DE Information Service GmbH",
title = "Wasser (Stoffdaten)",
publisher = "CHEMIE.DE Information Service GmbH",
url = "http://www.chemie.de/lexikon/Wasser_(Stoffdaten).html",
urldate = {2018-02-01}
}

@online
{Rekrit,
author = "Wasser-Wissen",
title = " Die Reynoldszahl von Wasser",
publisher = "Wasser-Wissen",
url = "http://www.wasser-wissen.de/abwasserlexikon/r/reynoldszahl.htm",
urldate = {2018-02-01}
}

@online
{etalit,
author = "Cosmos Indirekt",
title = "Literaturwerte für die Konstanten der Andrade-Gleichung für Wasser",
publisher = "Cosmos Indirekt",
url = "http://physik.cosmos-indirekt.de/Physik-Schule/Andrade-Gleichung",
urldate = {2018-02-03}
}

@online
{vislit,
author = "Uni Magdeburg",
title = "Literaturwerte der Viskosität von Wasser",
publisher = "Uni Magdeburg",
url = "http://www.uni-magdeburg.de/isut/LSS/Lehre/Arbeitsheft/IV.pdf",
urldate = {2018-02-03}
}

@online
{wolfschmelz,
author = "SMT-Metall",
title = "Literaturwert des Schmelzpunktes von Wolfram",
publisher = "SMT-Metall",
url = "https://www.smt-metall.de/lieferprogramm/wolfram/",
urldate = {2018-04-20}
}

@online
{wolfaus,
author = "Spektrum",
title = "Literaturwert der Austrittsarbeit von Wolfram",
publisher = "Spektrum",
url = "http://www.spektrum.de/lexikon/physik/austrittsarbeit/1067",
urldate = {2018-04-24}
}

@online
{nistgov,
author = "NIST",
title = "Numpy Konstanten",
publisher = "NIST",
url = "http://physics.nist.gov/cuu/Constants/index.html",
urldate = {2018-04-25}
}

@online
{MNd2O3,
author = "Pubchem",
title = "molare Masse von $Nd_2O_3$",
publisher = "Pubchem",
url = "https://pubchem.ncbi.nlm.nih.gov/compound/159373#section=Top",
urldate = {2018-05-04}
}

@online
{MGd2O3,
author = "Pubchem",
title = "molare Masse von $Gd_2O_3$",
publisher = "Pubchem",
url = "https://pubchem.ncbi.nlm.nih.gov/compound/159427",
urldate = {2018-05-04}
}

@online
{MDy2O3,
author = "Pubchem",
title = "molare Masse von $Dy_2O_3$",
publisher = "Pubchem",
url = "https://pubchem.ncbi.nlm.nih.gov/compound/159370",
urldate = {2018-05-04}
}

@online
{HgEV,
author = "Universität Stuttgart",
title = "Physikalisches Praktikum I",
publisher = "Universität Stuttgart",
url = "http://www3.physik.uni-stuttgart.de/studium/praktika/ap/pdf_dateien/A20.pdf",
urldate = {2018-05-04}
}

@online
{nistgovHg,
author = "NIST",
title = "Atomic Data for Mercury (Hg)",
publisher = "NIST",
url = "http://physics.nist.gov/PhysRefData/Handbook/Tables/mercurytable1.htm",
urldate = {2018-05-04}
}


@online
{lambdaFranckHertz,
author = "Georg-August-Universität Göttingen",
title = "Der Franck-Hertz-Versuch",
publisher = "Georg-August-Universität Göttingen",
url = "https://lp.uni-goettingen.de/get/text/1612",
urldate = {2018-05-04}
}

@online
{cAcryl,
author = "OLYMPUS",
title = "Material Sound Velocities",
publisher = "OLYMPUS",
url = "http://www.olympus-ims.com/de/ndt-tutorials/thickness-gage/appendices-velocities/",
urldate = {2018-05-04}
}

@online
{alphaAcryl,
author = "Kaye and Laby",
title = "The speed and attenuation of sound",
publisher = "Kaye and Laby",
url = "http://www.kayelaby.npl.co.uk/general_physics/2_4/2_4_1.html",
urldate = {2018-05-04}
}

@online
{Eisen,
author = "Chemie.de",
title = "Eisen",
publisher = "Chemie.de",
url = "http://www.chemie.de/lexikon/Eisen.html",
urldate = {2018-05-04}
}

@online
{Kupfer,
author = "Chemie.de",
title = "Kupfer",
publisher = "Chemie.de",
url = "http://www.chemie.de/lexikon/Kupfer.html",
urldate = {2018-05-04}
}

@online
{bet,
author = "Uni Marburg",
title = "Betastrahlung",
publisher = "Uni Marburg",
url = "http://www.staff.uni-marburg.de/~kernchem/grundp/beta/beta.htm",
urldate = {2018-05-04}
}

@online
{Halbwertszeiten,
author = "National Nuclear Data Center",
title = "Chart of Nuclides",
publisher = "National Nuclear Data Center",
url = "http://www.nndc.bnl.gov/chart/reCenter.jsp?z=45&n=59",
urldate = {2018-05-04}
}

@online
{sichtbaresSpektrum,
author = "HUG Technik und Sicherheit GmbH",
title = "UMRECHNUNGSTABELLE WELLENLÄNGE DER FARBEN",
publisher = "HUG Technik und Sicherheit GmbH",
url = "https://www.hug-technik.com/inhalt/ta/farben.html",
urldate = {2018-05-04}
}

@online
{nLuft,
author = "National Physical Laboratory",
title = "Refractive index of gases",
publisher = " National Physical Laboratory",
url = "https://refractiveindex.info/?shelf=other&book=air&page=Ciddor",
urldate = {2018-05-04}
}

@online
{clit,
author = "CHEMIE.DE Information Service GmbH",
title = "Liste der spezifischen Wärmekapazitäten",
publisher = "CHEMIE.DE Information Service GmbH",
url = "http://www.chemie.de/lexikon/Liste_der_spezifischen_Wärmekapazitäten.html",
urldate = {2017-11-10}
}

@online
{kappa,
author = "Anton Schweizer",
title = "Wärmeleitfähigkeit - Metalle",
publisher = "Anton Schweizer",
url = "https://www.schweizer-fn.de/stoff/wleit_metall/wleit_metall.php",
urldate = {2017-11-19}
}

@online
{Dichte,
author = "Lenntech BV",
title = "Chemische Elemente geordnet nach der Dichte",
publisher = "Lenntech BV",
url = "https://www.lenntech.de/data-pse/dichte.htm",
urldate = {2017-12-18}
}

@online
{ElastizitaetsmodulAlu,
author = "CHEMIE.DE Information Service GmbH",
title = "Elastizitätsmodul",
publisher = "CHEMIE.DE Information Service GmbH",
url = "http://www.chemie.de/lexikon/Elastizit%C3%A4tsmodul.html",
urldate = {2017-12-18}
}