@software{matplotlib,
  author = "Hunter, John D.",
  title = "{Matplotlib}: A {2D} Graphics Environment",
  publisher = "IEEE",
  %year = "2007",
  url = "http://matplotlib.org/",
  urldate = {2017-11-13},
  version = "1.5.3",
}

@software{numpy,
  author = "Oliphant, Travis E.",
  title = "{NumPy}: {Python} for Scientific Computing",
  publisher = "IEEE",
  %year = "2007",
  url = "http://www.numpy.org/",
  urldate = {2017-11-13},
  version = "1.11.1",
}

@software{scipy,
  author = "Jones, Eric and Oliphant, Travis E. and Peterson, Pearu and others",
  title = "{SciPy}: Open source scientific tools for {Python}",
  url = "http://www.scipy.org/",
  urldate = {2017-11-13},
  version = "0.18.1",
}

@software{uncertainties,
  author = "Lebigot, Eric O.",
  title = "Uncertainties: a Python package for calculations with uncertainties",
  url = "http://pythonhosted.org/uncertainties/",
  urldate = {2017-11-13},
  version = "3.0.1"
}
